4650 5748
1185 359 1273 418 XXX

344 568 482 629 stridere
505 573 519 629 1
545 575 584 630 44
610 572 811 644 Troglodytae
836 573 961 631 strident
984 574 1077 644 magis
1101 590 1186 645 qnam
1210 574 1360 631 locuntur:
1386 575 1439 632 hoc
1461 575 1541 631 verb.
1565 591 1611 646 ap.
1635 579 1746 648 poetas,
1771 580 1804 630 ut
1828 575 1914 646 Verg.
1937 575 2021 631 Lacr.
2046 573 2107 631 Cat.

560 661 611 720 Ov.
642 662 749 720 Juven.
783 663 1003 720 usitatissimum
1035 669 1134 719 aetate
1167 669 1308 734 argentea
1339 668 1456 736 praetor
1486 664 1523 720 Μ.
1549 663 1748 720 tantammodo
1773 662 1849 720 Plin.
1874 679 1916 735 ep.
1943 663 2109 720 adhibuisse

560 751 684 808 videtur.

345 835 546 914 supervolare
568 841 583 896 I
608 841 648 897 99
681 841 903 912 supervolantes
934 857 1018 898 aves:
1050 856 1068 898 a
1099 841 1192 912 poetis
1225 841 1310 912 Verg.
1343 848 1371 897 et
1402 841 1455 899 Ov.
1486 842 1636 899 inductum
1667 847 1785 914 praetor
1816 841 1853 898 M.
1889 843 1972 913 pauci
1997 847 2107 898 tantum

559 930 725 1000 scriptorcS,
749 937 783 985 ut
808 929 882 988 Geli.
906 931 1074 1001 Angustia,
1098 930 1302 987 adhibuerunt.

345 1024 501 1074 tromrorr
524 1018 569 1074 ΙΙΙ
596 1018 635 1076 37
662 1018 752 1076 donoc
777 1015 851 1092 (mos
876 1018 1070 1092 sacrificandi)
1095 1019 1168 1076 vitio
1192 1020 1322 1088 gentium
1347 1025 1507 1078 temeratus
1532 1026 1591 1077 est:
1616 1020 1697 1077 cuius
1728 1021 1807 1076 vorbi
1839 1019 1979 1091 Imprimis
2000 1019 2106 1090 poetici

559 1123 603 1179 ap.
628 1108 786 1179 scriptores
817 1124 892 1179 proc.
924 1125 963 1164 or.
996 1109 1119 1179 optimos
1143 1108 1217 1165 nihil
1241 1109 1365 1166 inveniri
1390 1109 1445 1166 nisi
1470 1109 1656 1181 participium
1680 1109 1753 1181 perf.
1778 1125 1863 1182 pasa,
1888 1113 1986 1166 aetate
2010 1115 2107 1165 autern

559 1203 702 1268 argentea
725 1198 800 1254 alias
823 1212 936 1268 quoquc
960 1197 1068 1254 formas
1092 1197 1176 1254 docet
1200 1197 1388 1269 Krebs-Allg.
1414 1215 1436 1254 a.
1462 1215 1487 1256 v.

345 1281 594 1361 transnavigare
618 1285 645 1341 11
671 1287 711 1344 32
737 1287 1035 1357 transnavigatusquc
1059 1283 1114 1356 (sic
1138 1287 1218 1344 codd.
1244 1291 1301 1358 opt.
1326 1283 1448 1359 habent)
1474 1293 1520 1344 ost
1543 1287 1654 1344 Athos:
1678 1288 1732 1344 hoc
1756 1303 1781 1344 v.
1801 1285 1981 1343 rarissimum
1998 1286 2108 1357 legitur

560 1375 646 1431 etiam
672 1391 718 1446 ap.
743 1375 874 1432 Frontin.
903 1375 929 1448 1,
955 1378 983 1445 4,
1009 1376 1048 1433 13
1074 1380 1104 1431 et
1128 1372 1208 1448 Sulp.
1233 1373 1298 1433 Sor.
1323 1374 1393 1432 dial.
1422 1376 1448 1447 1,
1474 1377 1501 1448 1,
1528 1376 1555 1432 3.

506 1479 576 1538 Cum
599 1483 695 1538 omnia
719 1498 793 1553 quac
817 1481 911 1538 adhuc
933 1483 1069 1552 tractavi,
1092 1481 1129 1538 ad
1153 1481 1360 1540 vocabulorum
1383 1498 1465 1538 usum
1491 1486 1551 1539 fere
1575 1482 1667 1539 solnm
1692 1489 1832 1554 spectent,
1858 1481 2008 1554 permulta,
2034 1497 2105 1552 quac

346 1569 381 1626 de
403 1569 498 1626 Melae
521 1585 627 1641 gonaro
651 1570 765 1627 dicendi
789 1576 998 1642 proponantur,
1022 1577 1135 1627 restare
1159 1570 1236 1627 haud
1260 1571 1377 1642 ignor03
1406 1571 1546 1642 temporis
1570 1578 1665 1628 antem
1688 1572 1833 1641 angustiis
1858 1571 2053 1627 circumvento
2078 1570 2106 1626 in

346 1659 458 1730 plonius
483 1659 573 1715 otium
596 1659 669 1716 haec
692 1659 789 1717 studia
813 1659 883 1716 mihi
907 1665 975 1716 sont
1000 1658 1167 1716 differenda.
