4650 5748
1030 363 1169 456 “xxvii

229 596 371 652 nusquam
394 580 555 652 reperitur;
587 596 684 638 eorum
715 580 790 636 enim
821 597 970 652 numerus,
1001 572 1102 638 si'illa
1125 596 1254 652 quicque,
1284 597 1358 654 quae
1382 596 1438 638 uno
1462 585 1576 637 tantum
1600 580 1662 638 loco
1687 581 1782 652 posita
1806 587 1890 653 suut,
1919 581 1989 638 licet

229 686 429 741 annumerare,
452 669 529 726 haud
554 676 600 726 est
623 671 762 740 exiguus:
795 669 942 742 adaugeri,
966 669 1093 742 adflecti,
1118 665 1247 740 adiungi,
1272 670 1389 742 adpelli,
1413 669 1528 742 adponi,
1552 670 1666 727 arcuari
1681 663 1713 743 ¹),
1738 671 1843 744 averti,
1868 671 1988 728 circum·

228 759 321 832 fundi,
345 759 446 830 decidi,
471 757 594 831 deflecti,
619 758 702 830 deici,
726 758 863 830 demergi,
888 759 1011 830 demitti,
1035 759 1164 832 deprimi,
1189 758 1314 832 devolvi,
1340 759 1469 832 diffundi,
1494 759 1631 831 dispergi,
1657 759 1791 830 distendi,
1816 759 1897 831 erigi,
1918 760 1988 832 erui,

230 848 336 920 evolvi,
360 849 502 919 exornari,
527 848 639 920 exponi,
662 846 749 922 flecti,
773 847 865 919 fundi,
888 848 976 920 inlici,
1000 848 1126 920 obtendi,
1151 848 1272 921 obverti,
1298 849 1412 920 opponi,
1432 848 1520 921 pasci,
1536 848 1673 920 permitti,
1690 848 1790 920 proici,
1804 849 1989 920 reciprocari,

228 938 366 1012 redimiri,
392 937 499 1009 spargi,
524 937 624 1008 subici,
649 935 782 1010 suffundi,
807 938 925 1009 variari,
951 938 1061 994 vestiri.

389 1027 433 1084 Ea
456 1031 552 1083 autem
578 1027 675 1100 verba,
699 1041 821 1097 quornm
845 1025 938 1083 forma
961 1027 1088 1084 occurrit
1111 1027 1198 1084 etiam
1223 1027 1328 1098 activa,
1356 1025 1435 1083 hlcla
1459 1025 1521 1082 iere
1545 1026 1642 1082 omnia
1665 1043 1729 1082 cum
1753 1026 1851 1098 aliquo
1876 1027 1989 1084 obiecto

229 1116 389 1188 coniunxit,
413 1131 505 1188 neque
528 1115 660 1172 invenies
683 1115 784 1186 multa,
809 1130 881 1186 quae
905 1117 1018 1172 obiecto
1042 1116 1172 1172 carentia
1196 1131 1281 1172 sensu
1305 1116 1492 1172 intransitive
1521 1130 1613 1186 aeque
1637 1114 1804 1172 adhibuerit
1827 1120 1916 1187 atque
1939 1115 1988 1173 alii

229 1211 370 1279 auctores,
395 1212 428 1262 ut
452 1205 591 1277 imprimis
615 1197 710 1274 11112)
735 1203 943 1275 (praecipitare
967 1205 1028 1262 sich
1054 1207 1180 1276 stiirzen,
1204 1211 1317 1261 mutare
1341 1204 1403 1261 sich
1427 1203 1545 1276 andern,
1575 1219 1691 1261 movere
1715 1203 1893 1261 auibrechen
1916 1204 1989 1262 5115·

229 1292 314 1366 que),
346 1311 409 1352 enm
441 1294 610 1351 discesseris
640 1309 658 1350 a
688 1293 785 1350 verbis
816 1293 1015 1351 usitatissimis
1045 1295 1227 1365 omniumque
1259 1293 1322 1350 iere
1345 1293 1519 1364 scriptorum
1544 1293 1667 1365 propriis
1691 1293 1789 1364 qualia
1812 1298 1880 1350 sunt
1903 1294 1990 1352 haec:

228 1383 364 1455 incolere,
388 1383 502 1456 durare,
527 1398 682 1456 emergere,
706 1397 795 1453 agere
820 1381 850 1450 (i.
876 1398 899 1439 e.
924 1383 1039 1440 vivere:
1065 1381 1135 1440 Sall.
1159 1381 1244 1452 Lim).

389 1490 502 1560 Restat,
526 1490 551 1546 si
573 1491 648 1546 hanc
672 1489 707 1546 de
731 1489 884 1546 verborum
909 1505 960 1545 usn
986 1489 1183 1560 quaestionem
1207 1488 1237 1544 in
1261 1489 1355 1546 animo
1371 1489 1510 1545 habemus
1526 1487 1563 1544 ad
1578 1487 1663 1544 finem
1678 1487 1844 1562 perducere,
1868 1493 1990 1560 atquae

227 1579 321 1636 verba
351 1578 543 1636 intransitiva
573 1579 609 1634 ab
640 1582 760 1635 auctore
792 1583 891 1635 nostro
915 1578 944 1634 in
969 1594 1074 1649 genere
1098 1578 1214 1649 passivo
1239 1583 1269 1634 et
1292 1576 1485 1649 personaliter
1508 1583 1537 1633 et
1561 1576 1796 1648 impersonaliter
1818 1577 1897 1634 dicta
1920 1578 1989 1649 sint,

227 1669 454 1738 investigemus;
479 1683 599 1738 quorum
623 1669 680 1724 etsi
704 1666 830 1738 plurima
853 1667 889 1723 ab
915 1667 1047 1724 omnihus
1071 1666 1261 1738 scriptoribus
1285 1667 1327 1724 sie
1350 1671 1492 1738 usurpata
1506 1671 1582 1738 sunt,
1608 1665 1645 1722 ad
1660 1681 1821 1724 sennonem
1836 1665 1988 1724 illustran-

227 1757 297 1813 dum
321 1756 410 1828 digua
435 1762 533 1813 tamen
556 1756 701 1828 videntur,
725 1771 799 1826 quae
823 1755 860 1812 ad
884 1772 971 1813 unum
995 1756 1090 1813 omnia
1113 1765 1390 1813 commemorentur:
1415 1755 1601 1812 contenditur
1624 1753 1653 1825 (i.
1670 1771 1693 1812 e.
1709 1753 1870 1828 pugnatur)
1894 1755 1989 1830 1119,

193 1847 200 1904 .'
226 1845 357 1903 creditur
381 1841 411 1915 (a
434 1845 547 1918 Diana,
579 1846 604 1902 si
628 1844 771 1916 creditur,
804 1843 962 1916 conditum)
986 1845 1015 1902 ΙΙ
1041 1845 1075 1916 3,
1109 1846 1281 1902 manebatur
1305 1843 1472 1917 (postquam
1494 1845 1526 1902 in
1550 1860 1599 1916 55,
1624 1844 1700 1915 quod
1723 1850 1910 1916 convenerat,
1934 1862 1991 1902 non

227 1933 413 2002 manebatur)
439 1934 452 1991 Ι
478 1935 528 2005 88,
552 1939 723 2006 penetratur
746 1931 814 2004 (quo
838 1935 931 2006 magis
954 1930 1135 2006 penetratur)
1160 1934 1190 1991 ΙΙ
1215 1936 1266 2004 92,
1289 1940 1459 2006 perventum
1485 1934 1568 1991 5511
1594 1934 1643 2004 73,
1667 1939 1828 2006 pugnatum
1844 1939 1889 1990 est
1910 1933 1924 1991 Ι
1942 1934 1990 2006 78,

227 2025 345 2081 55111151
374 2021 442 2094 (quo
473 2024 566 2096 magis
597 2021 723 2093 subitur)
753 2023 767 2078 Ι
794 2022 849 2092 74;
884 2040 919 2081 55
942 2039 1054 2095 quoque
1078 2024 1175 2095 verba,
1205 2039 1279 2094 quae
1302 2040 1356 2096 per
1378 2024 1614 2094 compositionem
1638 2029 1796 2080 evaserunt
1824 2023 1990 2096 transitiva,

226 2129 336 2186 genere
366 2114 481 2185 passivo
513 2112 708 2185 personaliter
738 2112 854 2183 saepius
878 2113 935 2170 dici
959 2113 1032 2170 nihil
1060 2128 1114 2184 per
1137 2129 1167 2169 se
1190 2113 1280 2170 hahet
1303 2111 1489 2184 admirabile,
1520 2112 1614 2170 velut:
1646 2113 1775 2169 ambitur
1799 2108 1898 2182 (zona)
1922 2112 1937 2168 1
1963 2115 1990 2186 5,

229 2194 353 2278 (insula)
378 2202 424 2259 111
449 2203 507 2274 22,
538 2202 612 2259 adiri
642 2200 752 2271 (Nilus)
784 2201 829 2258 ΙΙΙ
854 2202 912 2274 97,
942 2202 1095 2259 intrandas
1119 2207 1162 2258 est
1193 2199 1298 2272 (sinus)
1329 2202 1358 2258 ll
1383 2201 1440 2274 27,
1471 2201 1635 2273 peragratis
1659 2201 1790 2259 omnibus
1814 2201 1828 2257 Ι
1853 2203 1903 2272 24,
1937 2201 1991 2258 1115

227 2291 466 2364 praenaviganda
494 2291 525 2348 ll
550 2292 606 2362 45,
637 2291 877 2360 transnavigatus
903 2289 994 2359 (Atho
1021 2289 1115 2360 mons)
1141 2297 1186 2347 est
1209 2291 1238 2347 ll
1264 2293 1314 2348 32.
1361 2290 1453 2347 Paulo
1482 2296 1579 2346 antem
1603 2290 1760 2347 notabilius
1785 2305 1848 2346 esse
1873 2289 1989 2348 videtur

228 2381 349 2438 verbum
379 2381 527 2450 habitare,
557 2380 633 2450 511511
667 2379 745 2451 apud
769 2379 934 2436 (liceronem
957 2380 1088 2451 aliosque
1112 2379 1271 2452 scriptores
1295 2379 1462 2452 plerumque
1484 2380 1635 2436 invenitur
1658 2379 1687 2436 vi
1711 2379 1904 2436 intransitiva
1917 2369 1949 2450 ⁸),
1973 2395 1992 2436 a

228 2469 308 2526 liele
338 2470 469 2526 omnibns
500 2469 573 2543 iere¹
591 2469 663 2526 locis
694 2469 848 2525 transitive
879 2471 1004 2540 positum
1035 2485 1113 2540 esse,
1146 2469 1245 2540 itaque
1276 2469 1405 2526 eiusdem
1430 2468 1510 2524 verbi
1535 2467 1628 2526 forma
1652 2469 1741 2525 etiam
1765 2468 1882 2540 passiva
1906 2483 1990 2540 saepe

230 2559 371 2616 occurrit:
395 2559 477 2629 regio
501 2560 599 2629 parvis
623 2557 736 2630 oppidis
760 2557 912 2614 habitatur
936 2558 1017 2628 128,
1042 2574 1109 2614 5155
1126 2558 1168 2615 sic
1182 2558 1354 2616 habitantur
1377 2557 1455 2631 141,
1481 2557 1602 2631 urbium,
1618 2572 1691 2628 quae
1706 2558 1879 2614 habitantur
1893 2557 1923 2614 ll
1940 2559 1989 2630 60,

229 2649 349 2705 urbibus
373 2649 508 2704 habitata
532 2646 617 2704 Crete
640 2647 671 2704 ΙΙ
688 2647 765 2717 112;
791 2647 853 2704 sim.
869 2648 883 2703 Ι
899 2650 926 2720 2,
950 2647 999 2720 75,
1015 2647 1045 2703 ΙΙ
1061 2647 1111 2720 57,
1128 2646 1305 2718 99,11147,
1322 2647 1372 2717 67,
1389 2646 1438 2704 70.
1472 2647 1547 2703 Item
1562 2646 1718 2704 transitive
1732 2646 1863 2704 videmus
1877 2661 1991 2720 semper

229 2735 392 2794 adhibitum
416 2737 535 2793 verbum
557 2736 705 2809 navigare,
730 2736 805 2807 quod
828 2743 931 2808 poetae
954 2737 1135 2808 potissimum
1159 2741 1187 2793 et
1210 2737 1369 2807 scriptores
1391 2736 1567 2806 posteriores
1589 2735 1631 2792 sic
1646 2729 1878 2808 usurparunt⁴lz
1902 2735 1988 2794 Nilus

229 2825 364 2896 navigari
387 2825 484 2882 facilis
507 2825 521 2880 Ι
547 2826 596 2894 50,
622 2822 764 2895 (Cestros)
790 2824 846 2896 79,
878 2842 935 2882 555
964 2826 1106 2895 navigata
1129 2826 1220 2882 maria
1244 2825 1274 2882 ll
1298 2827 1348 2884 26.
1395 2825 1439 2882 Ac
1462 2825 1558 2896 verbi,
1590 2824 1666 2896 quod
1691 2831 1735 2882 est
1758 2840 1899 2898 regnare,
1922 2826 1987 2897 pari

229 2915 313 2971 modo
328 2914 416 2972 semel
430 2913 555 2984 legimus
568 2913 754 2984 participium
768 2913 808 2986 pf.
819 2929 911 2984 pass:
928 2915 1023 2970 Rheso
1037 2918 1162 2986 regnata
1177 2914 1321 2985 quondam
1335 2929 1404 2985 pars
1419 2913 1563 2970 Thraciae
1578 2913 1608 2970 ΙΙ
1625 2915 1675 2984 24,
1691 2914 1739 2985 qni
1754 2929 1823 2971 usus
1837 2913 1986 2986 proiectus

230 3010 276 3060 est
299 3019 317 3059 a
339 3005 443 3076 poetis,
467 3007 514 3058 ut:
546 3002 635 3073 Verg.
660 3003 731 3060 hen.
764 3003 791 3076 3,
825 3003 879 3074 143
915 3005 942 3075 6,
969 3003 1040 3076 793,
1071 3003 1142 3060 Η51.
1167 3019 1254 3060 carm.
1280 3005 1307 3074 2,
1333 3003 1361 3076 6,
1388 3001 1443 3072 11,
1476 3003 1504 3073 3,
1530 3003 1579 3075 29,
1604 3001 1655 3074 27,
1686 3002 1829 3060 011151.
1857 3001 1882 3074 7,
1909 3003 1989 3072 6133

179 3115 185 3128 ·
233 3093 281 3166 13,
309 3092 384 3161 7193
409 3096 511 3164 postea
534 3091 609 3148 idem
633 3091 743 3162 legitur
766 3107 811 3162 ap.
835 3090 910 3148 Plin.
936 3099 966 3147 et
989 3092 1058 3150 Tae.
1089 3122 1132 3130 -
1162 3091 1220 3148 Illa
1244 3092 1368 3163 denique
1392 3091 1548 3162 partieipia
1571 3092 1642 3164 peri.
1668 3108 1744 3163 pase.
1769 3091 1806 3148 ad
1830 3092 1921 3149 verba
1943 3093 1987 3148 in-

230 3187 320 3238 trans.
344 3182 533 3252 pertinentia,
557 3187 589 3236 ut
614 3181 734 3250 iuratus,
759 3185 887 3251 cenatus,
911 3180 978 3251 alia,
1003 3181 1058 3236 etsi
1083 3181 1119 3238 M.
1143 3195 1210 3237 raro
1235 3181 1387 3238 admodum
1411 3181 1442 3237 in
1465 3196 1626 3238 sermonem
1650 3181 1771 3255 induxit,
1800 3180 1864 3238 ideo
1890 3186 1988 3236 tamen

230 3269 478 3328 commemoranda
502 3275 578 3340 sunt,
602 3269 678 3340 511511
701 3270 757 3326 viri
781 3269 950 3340 doctissimi,
975 3277 1006 3326 ut
1029 3270 1162 3342 Draeger
1185 3271 1382 3341 imprimisque
1407 3269 1488 3326 Neue
1502 3261 1535 3342 ⁵),
1560 3270 1609 3340 qui
1632 3285 1731 3327 omnes
1754 3268 1870 3326 illorum
1895 3270 1988 3341 parti·

230 3361 370 3432 cipiorum
394 3359 473 3416 locos
497 3358 637 3430 colligere
660 3358 769 3428 voluit,
800 3359 894 3415 nostri
918 3359 1047 3416 auctoris
1070 3360 1288 3431 praeterierunt
1312 3360 1384 3416 haec
1409 3358 1555 3430 exempla:
1587 3358 1753 3416 adultarum
1778 3359 1824 3416 ΙΙΙ
1849 3359 1899 3432 35,
1924 3376 1991 3416 con·

230 3455 376 3508 cretarum
400 3448 445 3505 ΙΙΙ
471 3449 521 3518 82,
546 3447 691 3518 neptali
718 3448 766 3505 19.

906 3616 935 3668 5.
968 3598 1170 3685 115111511Ιὶ5
1194 3598 1316 3668 verbis.

391 3751 431 3808 Ut
455 3750 489 3806 de
513 3749 638 3820 singulis
662 3751 824 3806 nominibus
848 3766 936 3820 supra
961 3753 1081 3821 egimus,
1110 3752 1153 3806 ita
1176 3749 1230 3806 hoc
1254 3766 1366 3822 quoque
1390 3751 1453 3806 1555
1478 3766 1622 3822 exponere
1646 3750 1755 3820 licebit,
1780 3752 1848 3822 quid
1872 3752 1907 3808 de
1931 3753 1990 3809 sin·

229 3841 307 3912 gulis
338 3841 436 3898 verbis
468 3838 624 3896 notandum
656 3839 710 3911 sit,
742 3855 799 3910 qua
829 3839 859 3896 in
890 3857 921 3894 re
952 3856 1014 3895 eam
1039 3854 1191 3911 sequemur
1214 3841 1373 3910 rationem,
1405 3846 1438 3895 nt
1461 3855 1495 3894 ea
1519 3837 1700 3910 potissimum
1724 3841 1813 3896 verba
1837 3857 1991 3912 eorurnque

230 3929 369 4000 quasdam
393 3935 555 3986 structuras
580 3934 610 3984 et
633 3927 742 3984 formas
765 3929 937 3998 intueamur,
962 3945 1035 4000 quae
1058 3929 1219 3985 latinitatis
1243 3929 1368 4000 optimae
1393 3929 1572 3999 temporibus
1597 3933 1648 3985 ant
1669 3929 1772 3986 abesse
1788 3929 1925 3986 videntur
1939 3935 1991 3987 aut

230 4035 367 4090 perquam
391 4035 456 4074 raro
482 4033 639 4074 5551111515.
686 4019 782 4087 1415115
806 4018 846 4073 eis
870 4017 984 4088 quidem
1008 4017 1113 4090 verbiS,
1138 4033 1212 4087 quae
1235 4018 1348 4074 rariora
1371 4018 1428 4074 iam
1454 4017 1664 4086 denotavimus,
1689 4018 1804 4075 omissis
1832 4019 1904 4076 haec
1929 4019 1990 4075 1515

230 4111 299 4164 sunt
322 4107 495 4178 spectanda:

229 4210 349 4271 ausiti
375 4217 430 4272 94:
455 4215 490 4269 de
515 4213 568 4270 hac
592 4213 693 4281 forma,
719 4227 791 4282 quae
816 4212 955 4284 imprimis
980 4218 1130 4283 poetarum
1154 4219 1207 4282 est,
1232 4213 1289 4270 vid.
1314 4214 1395 4270 Neue
1420 4215 1438 4270 1.
1463 4213 1481 4270 l.
1506 4214 1535 4270 Il
1560 4231 1586 4286 p.
1613 4216 1685 4273 542.

231 4298 357 4360 calcare
380 4303 409 4360 ll
435 4303 474 4360 36
501 4302 642 4359 calcatum
666 4301 786 4358 Herculi
811 4301 917 4372 solum,
947 4301 1047 4359 eadem
1078 4302 1196 4359 notione
1220 4319 1278 4373 qua
1302 4304 1430 4374 „intrare
1454 4299 1565 4358 loeum“
1590 4304 1644 4360 hoc
1667 4305 1745 4360 verb.
1771 4304 1884 4360 nonnisi
1908 4305 1989 4361 inve·

444 4393 524 4448 111151·
547 4409 591 4462 ap.
617 4391 687 4448 Hor.
712 4391 793 4448 Patr.
818 4389 869 4448 Sil.
894 4388 957 4448 Sen.

232 4477 504 4538 circumsidentl
530 4481 579 4554 68,
604 4481 633 4538 ll
658 4482 695 4538 21
723 4497 775 4551 pro
800 4481 1038 4551 circumsedent;
1073 4482 1127 4538 etsi
1151 4481 1245 4537 altero
1269 4481 1332 4536 loco
1357 4480 1384 4548 (Ι
1409 4480 1463 4551 68)
1496 4497 1594 4538 551155
1618 4481 1697 4538 codd.
1722 4481 1852 4540 vocalem
1875 4483 1884 4538 i
1909 4483 1988 4539 exhi·

444 4573 521 4640 bant,
545 4577 641 4626 tanuen
665 4570 745 4626 Neue
769 4570 787 4626 1.
811 4570 830 4627 l.
854 4570 962 4641 aliique
984 4571 1167 4642 grammatici
1192 4577 1222 4626 et
1245 4569 1444 4642 lexicographi
1469 4569 1549 4626 illam
1574 4570 1695 4626 formam
1719 4571 1922 4640 neglexerunt.

232 4655 486 4735 circumsegnarc
508 4659 554 4716 ΙΙΙ
581 4660 657 4716 126:
682 4659 807 4729 spatium
831 4659 906 4730 quod
930 4659 1092 4715 Ebusitana
1115 4659 1200 4716 humo
1225 4659 1542 4730 circumsiguaverunt;
1567 4660 1620 4716 hoc
1640 4661 1719 4716 verb.
1735 4659 1845 4731 legitur
1860 4665 1986 4716 tantum·

444 4748 527 4804 modo
551 4765 595 4819 ap.
621 4747 680 4804 Col.
705 4747 730 4804 d.
754 4763 777 4803 r.
800 4764 823 4803 1.
850 4749 877 4817 5,
903 4747 952 4820 il,
978 4749 1012 4816 93
1040 4748 1075 4804 de
1098 4749 1159 4804 arb.
1186 4749 1235 4818 26,
1261 4747 1289 4806 8.

304 4917 323 4985 ¹)
343 4917 463 4983 Parthey
483 4915 510 4968 in
530 4916 593 4968 Mel.
614 4916 656 4968 ed.
676 4916 764 4970 altero
785 4914 869 4968 etiam
888 4915 948 4969 loco
969 4915 1016 4982 (lll
1038 4918 1081 4978 72)
1209 4915 1422 4985 3)Κ15115·4113.
1443 4916 1537 4970 Antib.
1558 4933 1578 4968 s.
1600 4935 1624 4970 v.

231 4989 300 5042 illud
315 4990 386 5043 verb.
403 5005 435 5040 ex
452 4987 539 5038 Vossii
555 4987 621 5039 edit.
637 4987 757 5054 recepit:
781 4997 842 5050 ,155
857 4987 980 5040 Rubrum
996 4989 1081 5040 maret
1209 4987 1229 5043 *ι
1249 4986 1422 5056 Krebs-Allg.
1444 4987 1537 5043 Antib.
1558 5007 1577 5040 s.
1600 5007 1623 5040 v.

231 5061 306 5114 sinus
325 5063 448 5124 arcuat“,
476 5075 536 5111 511111
556 5061 613 5125 opt.
634 5059 713 5110 codd.
733 5059 856 5112 habiant
883 5059 972 5122 ,sinus
995 5061 1081 5112 erat&
1210 5059 1229 5124 ⁵)
1250 5059 1330 5112 illum
1350 5075 1428 5112 1151151
1443 5059 1577 5127 imprimis
1594 5059 1662 5112 livii
1679 5059 1818 5127 proprium
1834 5077 1892 5113 esso
1907 5061 1989 5112 «15151

303 5131 322 5197 1)
343 5131 476 5192 Kiihnast,
497 5130 513 5182 1.
534 5129 551 5182 l.
573 5147 599 5198 p.
622 5133 686 5192 150;
706 5133 765 5184 262.
1138 5130 1272 5194 Kiihnast,
1292 5130 1310 5182 1.
1330 5129 1348 5182 1.
1367 5149 1393 5198 p.
1413 5133 1473 5185 251.

1791 5235 1824 5292 4*
