4650 5748
1079 367 1148 460 XV
1237 457 1242 460 ,

393 587 423 644 ΙΙ
448 587 507 645 48:
532 585 687 644 Corinthos
711 602 747 642 ex
771 601 881 643 summa
905 601 972 644 auce
996 589 1121 657 utraque
1145 585 1238 642 maria
1262 589 1410 642 contuens.

395 676 424 734 ΙΙ
449 676 506 734 87:
530 675 653 734 Baetica
675 675 768 732 utorio
792 679 914 746 utraque
938 673 1088 747 prospicit.
1473 673 1477 682 ⁴

396 765 425 822 II
452 765 509 823 67:
534 781 622 838 mare,
646 764 721 836 quod
745 765 823 820 inter
846 769 970 835 utraque
995 761 1048 835 isc.
1072 775 1193 836 cornua)
1221 763 1348 820 admisit.

394 854 423 911 ΙΙ
450 854 505 912 72:
536 853 628 912 Paulo
660 858 690 910 et
713 847 821 910 Varum
855 851 973 910 flumina
996 858 1119 924 utraque
1144 853 1181 909 ab
1205 853 1329 924 Alpibus
1358 851 1484 924 delapsa.
1532 851 1587 910 Sed
1612 853 1700 910 aliter
1722 859 1767 910 est
1792 852 1836 910 111
1863 853 1919 911 26:
1951 855 1998 926 qui

447 943 583 1001 habitant
598 971 640 982 -
654 949 778 1013 utraque
801 947 947 1014 exercent,
972 942 1019 998 ubi
1044 941 1288 1014 praegrediuntur
1301 941 1332 998 ui
1348 941 1493 1014 plurales:
1521 941 1625 1000 animis
1641 947 1671 998 et
1686 941 1863 1014 corporibus.
1902 945 1999 1014 Atque

447 1049 497 1089 sex
517 1032 584 1089 aliis
599 1031 670 1088 locis
693 1031 732 1088 li.
747 1031 895 1088 tralaticio
920 1047 1000 1088 more
1023 1030 1152 1088 eiusdem
1172 1031 1348 1101 pronominis
1371 1029 1512 1102 singulari
1536 1045 1606 1087 usus
1623 1037 1683 1088 est:
1709 1030 1722 1086 Ι
1750 1031 1799 1103 27,
1824 1031 1855 1088 Il
1880 1031 1931 1102 35,
1948 1032 1998 1104 37,

448 1124 498 1190 95,
528 1121 597 1194 115,
620 1121 667 1178 ΙΙΙ
689 1121 728 1179 79
753 1125 782 1176 et
806 1121 931 1191 quinque
955 1120 1026 1177 locis
1050 1121 1166 1177 nomine
1189 1119 1332 1176 numerali
1356 1141 1382 1191 q.
1406 1135 1430 1176 e.
1459 1119 1559 1175 ambo:
1584 1119 1597 1176 Ι
1623 1121 1650 1189 9,
1676 1119 1725 1190 11,
1750 1121 1801 1188 84,
1827 1121 1877 1192 34,
1904 1122 1953 1178 38.

233 1213 293 1269 sui:
324 1213 401 1269 hunc
430 1215 528 1283 genet.
559 1227 688 1283 pronam.
719 1209 883 1282 personalis
912 1207 1044 1267 reflexivi
1075 1208 1112 1267 ld.
1136 1207 1282 1266 interdum
1314 1209 1412 1280 posuit
1443 1225 1493 1280 pro
1518 1209 1686 1278 pronomine
1710 1210 1876 1281 possessivo
1899 1208 1999 1268 reflex.

447 1315 554 1357 morem
579 1299 765 1370 Graecorum,
790 1305 822 1354 nt
846 1297 971 1371 videtur,
995 1298 1126 1356 imitatus
1141 1291 1182 1371 ¹):

422 1389 437 1446 I
463 1387 496 1447 1:
521 1383 619 1462 (opus)
644 1387 709 1460 ipsa
732 1388 777 1443 sui
801 1387 1046 1460 contemplatione
1069 1389 1195 1458 pretinm
1219 1401 1324 1458 operae
1339 1385 1491 1458 absolvam
1515 1387 1564 1458 qui
1578 1385 1659 1443 locus
1674 1387 1768 1444 minus
1784 1387 1901 1446 videtur
1916 1389 1996 1446 miri·

446 1478 531 1552 ficus,
563 1476 639 1550 quod
668 1493 750 1550 pron.
775 1471 854 1548 „sni‘
878 1475 1006 1548 genetiv.
1031 1493 1056 1547 q.
1081 1473 1107 1532 d.
1133 1476 1308 1532 obiectivum
1331 1489 1401 1547 prae
1425 1489 1457 1532 se
1485 1474 1551 1532 tert.
1599 1473 1655 1532 Sed
1679 1481 1775 1546 genet.
1800 1476 1996 1535 subiectivum

446 1567 585 1624 babemus
609 1566 655 1624 ltis
679 1564 767 1621 locis:

414 1656 445 1713 II
470 1657 527 1714 22:
551 1655 602 1711 ubi
625 1654 740 1712 Pontus
764 1653 888 1711 alterum
914 1653 959 1710 sui
983 1651 1089 1710 flexum
1113 1653 1222 1724 angulo
1246 1652 1319 1711 tinit.

413 1745 444 1802 ΙΙ
470 1744 548 1802 124ι
572 1743 712 1801 Baleares
736 1759 771 1800 ex
795 1741 889 1814 spatio
914 1741 958 1798 sui
982 1742 1202 1812 cognominibus
1225 1743 1352 1814 acceptis
1376 1743 1500 1799 maiores
1524 1741 1706 1814 minoresque
1730 1743 1928 1814 perhibentur.

400 1833 446 1891 ΙΙΙ
473 1833 550 1891 105:
574 1834 604 1890 in
628 1833 712 1889 tinem
737 1832 782 1888 sui
807 1831 978 1901 instigantis
1001 1846 1032 1888 se
1056 1831 1175 1888 Ati-icae
1198 1831 1374 1888 novissimus
1398 1831 1532 1900 angulus.

232 1939 278 1980 se:
303 1938 430 1994 pronom.
454 1921 553 1980 reflex.
578 1921 614 1978 ad
638 1922 798 1978 subiectum
823 1919 951 1977 eiusdem
976 1919 1120 1978 enuntiati
1143 1921 1294 1992 pertinens
1317 1918 1395 1992 apud
1419 1919 1457 1977 ΙΙ.
1482 1919 1617 1990 occurrit,
1642 1921 1756 1977 etiarnsi
1776 1921 1823 1978 cui
1839 1923 1996 1996 participio

445 2011 492 2068 vel
517 2010 662 2068 adiectivo
687 2010 869 2082 suppositum
894 2001 985 2082 est2),
1011 2008 1093 2066 uelut
1118 2009 1164 2066 inis
1187 2009 1276 2067 locis:

423 2101 438 2158 Ι
465 2101 520 2158 76:
544 2100 613 2172 quia
637 2093 766 2172 (specus)
793 2098 985 2156 --demissa
1009 2099 1038 2156 in
1062 2114 1094 2155 se
1119 2097 1270 2156 confestim
1296 2098 1452 2155 exanimat.

392 2189 438 2246 ΙΠ
464 2189 520 2248 48ε
544 2193 650 2261 putant
674 2187 842 2244 Gellizenas
868 2217 906 2225 —
932 2187 1048 2244 nonnisi
1072 2186 1186 2244 deditas
1210 2217 1253 2225 —
1277 2187 1306 2244 in
1331 2186 1360 2244 id
1384 2191 1496 2244 tantum
1527 2193 1560 2242 ut
1584 2203 1615 2243 se
1640 2187 1827 2245 consulerent
1850 2187 1998 2261 profectis.

392 2278 437 2335 Ill
463 2279 519 2336 49:
543 2278 704 2350 principum
729 2277 878 2342 unanimus,
907 2294 958 2332 nec
982 2275 1187 2334 indomitarum
1213 2275 1296 2332 modo
1319 2280 1388 2332 anie
1412 2292 1442 2332 se
1467 2276 1633 2348 ignotarum
1659 2291 1771 2348 quoque
1795 2277 1941 2350 gentium:
1967 2285 1997 2336 et

446 2366 561 2439 syllaba
585 2361 686 2439 ,‚ntet“,
712 2382 783 2437 :puae
808 2365 924 2436 saepius
949 2365 1083 2438 occurrit,
1108 2365 1229 2422 suffixa:

393 2457 438 2513 ΙΙΙ
465 2456 498 2514 7:
525 2453 701 2529 [Lusitania]
726 2454 824 2510 bisin
849 2459 939 2511 semet
963 2459 1079 2525 recepto
1104 2455 1177 2510 mari
1201 2455 1230 2511 in
1254 2454 1311 2511 tria
1338 2454 1541 2526 promunturia
1565 2453 1752 2526 dispergitur.

235 2561 266 2602 se
291 2561 354 2602 cunt
377 2544 645 2618 praepositionibus
670 2545 746 2601 inter
769 2549 800 2600 et.
822 2551 925 2601 contra
948 2542 1113 2615 copulatum
1139 2551 1168 2598 et
1192 2544 1334 2600 rationem
1359 2549 1486 2600 mutuam
1513 2535 1707 2615 capt-imerali
1730 2543 1898 2615 legiturltis
1913 2545 1999 2604 locis:

424 2635 438 2692 Ι
463 2636 520 2693 36:
544 2635 691 2704 virginum
715 2634 793 2690 inter
816 2649 847 2688 se
871 2632 1091 2690 decertantium.

423 2725 438 2781 Ι
464 2724 520 2782 67;
545 2723 603 2780 tria
628 2721 681 2795 (sc.
706 2718 824 2794 oppida)
850 2721 975 2792 singulis
998 2721 1077 2778 inter
1100 2737 1131 2778 se
1156 2721 1261 2778 stadiis
1286 2721 1438 2780 distantia.

408 2812 439 2871 ΙΙ
462 2813 519 2870 23;
544 2811 673 2868 incurvis
698 2815 800 2868 contra
824 2827 854 2866 se
877 2809 1024 2868 litoribus.

408 2901 439 2958 ΙΙ
464 2903 521 2959 95:
546 2902 678 2972 proxima
701 2901 778 2956 inter
801 2913 832 2955 sc
857 2897 992 2970 Europae
1016 2905 1045 2956 et
1069 2899 1187 2956 Animo
1212 2899 1308 2958 litora.

407 2991 438 3047 Il
465 2991 543 3048 124:
568 2988 701 3046 Baliares
725 3005 782 3045 non
805 2987 894 3058 longe
918 2989 995 3045 inter
1019 3004 1050 3044 se
1075 2987 1195 3045 distant.

392 3079 439 3136 ΙΠ
464 3079 520 3137 54:
545 3077 672 3135 Orcades
696 3077 827 3148 angustis
852 3077 928 3134 inter
952 3092 982 3132 se
1007 3075 1141 3133 diductae
1165 3077 1276 3149 spatiis.

233 3167 295 3224 ltic:
318 3185 476 3240 pronomen
500 3167 665 3237 demonstr,
696 3166 770 3238 quod
799 3165 836 3222 ll.
860 3165 1095 3236 frequentissime
1119 3171 1255 3237 inserpat,
1288 3173 1389 3221 utres
1413 3167 1614 3236 imaginesque
1638 3172 1706 3224 ante
1731 3167 1829 3224 oculos
1852 3169 1993 3226 lectorum

446 3261 596 3329 proponat,
620 3255 795 3326 aliquotiens
820 3254 894 3312 idem
918 3255 1007 3324 ualet,
1032 3254 1108 3324 quod
1132 3270 1213 3325 pron.
1227 3255 1263 3311 is
1276 3247 1316 3326 ‘):

405 3347 420 3403 I
445 3347 484 3405 54
511 3343 579 3402 (bac
602 3341 656 3416 re),
681 3344 742 3400 sim.
766 3345 778 3399 l
807 3343 855 3415 to,
880 3344 909 3400 ll
935 3343 985 3412 63,
1011 3344 1061 3416 ni,
1087 3342 1130 3400 Ill
1157 3343 1208 3407 31,
1233 3349 1263 3400 et
1287 3343 1352 3414 „bic
1375 3339 1440 3413 qui‘
1465 3359 1516 3414 pro
1541 3344 1582 3415 „is
1606 3339 1689 3414 qui“:

405 3435 419 3492 Ι
445 3435 500 3491 92;
526 3429 735 3507 (Antandrum)
760 3435 797 3489 ab
822 3433 866 3488 bis
891 3437 997 3504 lentant
1020 3431 1174 3502 conditam,
1199 3448 1270 3503 quos
1295 3433 1339 3488 vis
1363 3447 1396 3488 ac
1419 3431 1524 3489 seditio
1550 3440 1707 3506 exegerat:
1731 3433 1794 3492 sim.
1818 3433 1863 3492 ΙΙΙ
1891 3437 1939 3493 19.

498 3522 603 3582 Melam
627 3537 739 3594 quoque
764 3521 941 3579 Graecorum
957 3522 1016 3578 ritu
1032 3537 1189 3592 pronomen
1205 3521 1361 3578 demonstr.
1377 3527 1447 3578 ante
1462 3522 1645 3579 enuntiatum
1659 3521 1744 3579 relat.
1759 3523 1899 3596 omisisse,
1920 3524 1994 3582 illud

446 3612 577 3684 [quamvis
602 3612 717 3684 optimis
729 3603 754 3683 ⁵)
785 3611 843 3666 iam
875 3610 1064 3682 scriptoribus
1095 3611 1236 3667 usitatum
1260 3625 1293 3666 oo
1318 3609 1459 3680 imprimis
1482 3626 1545 3667 esse
1568 3610 1728 3668 notandum
1753 3611 1885 3684 videtur,
1917 3615 1993 3685 qnod

445 3703 475 3758 in
499 3706 598 3759 nostro
622 3699 697 3757 libro
722 3699 890 3771 saepissime
915 3699 1049 3769 occurrit,
1079 3698 1160 3755 cuitus
1184 3699 1226 3755 rei
1251 3699 1383 3769 exempla
1406 3700 1480 3755 satis
1504 3699 1543 3756 sit
1567 3700 1676 3772 eligere
1699 3699 1786 3757 baec:

405 3791 420 3846 Ι
445 3791 463 3848 3
487 3789 595 3847 additis
619 3805 690 3858 quae
715 3788 964 3846 commemoranda
988 3793 1064 3860 sunt,
1090 3788 1128 3846 27
1151 3803 1290 3844 occanmn
1305 3787 1341 3844 ad
1361 3804 1434 3859 quae
1450 3805 1525 3844 ntunc
1541 3788 1664 3845 inundat
1679 3787 1844 3861 admissum,
1871 3793 1991 3864 16111-

445 3879 560 3950 catique
584 3893 658 3949 quae
682 3879 793 3948 volunt,
818 3879 859 3935 90
884 3877 976 3948 pulsis
1001 3877 1049 3948 qui
1073 3876 1291 3947 liabitaueraut,

392 3969 422 4025 ΙΙ
447 3967 463 4025 7
490 3968 614 4040 Hipanis
641 3997 679 4004 -
705 3967 754 4023 diu
785 3966 879 4038 (qualis
912 3971 999 4023 natus
1023 3973 1068 4022 est.
1091 3964 1201 4035 delinit,
1229 3967 1267 4024 12
1293 3966 1426 4023 sauciant
1449 3983 1479 4022 se
1503 3967 1552 4037 qui
1576 3967 1772 4040 paciscuntur,
1801 3969 1841 4026 63
1867 3965 1993 4042 (Padus)

444 4087 487 4096 -
511 4056 624 4130 qualem
648 4056 745 4112 emisit
770 4053 877 4112 undam
901 4063 979 4128 agat,

378 4146 423 4203 ΙΙΙ
449 4147 487 4204 27
514 4144 738 4218 prolatandique
768 4160 841 4215 quae
872 4143 1021 4215 possident
1052 4139 1115 4214 (sed
1140 4143 1185 4200 ΙΙΙ
1212 4145 1267 4201 52:
1299 4143 1466 4216 prolatandi
1488 4161 1537 4215 ea,
1561 4141 1663 4218 quael,
1700 4147 1739 4204 45
1766 4161 1896 4204 emensos
1920 4164 1993 4220 cquae

445 4237 616 4304 intererant,
642 4233 680 4290 87
707 4233 744 4290 ad
768 4231 939 4290 sustinenda
963 4249 1034 4304 quae
1058 4232 1189 4289 incidunt
1216 4263 1255 4271 —-
1280 4233 1418 4292 infirmus.
1479 4277 1485 4288 .

498 4323 591 4381 simili
622 4323 706 4380 modo
738 4322 905 4394 pronomine
935 4323 1018 4379 relat.
1044 4319 1134 4396 „quo“
1159 4337 1330 4394 praegresso
1356 4321 1615 4381 demonstrativum
1647 4319 1716 4397 „eo“
1749 4331 1817 4380 ante
1842 4341 1991 4398 compara-

444 4415 536 4470 tivum
561 4411 652 4486 deest,
676 4411 704 4468 id
729 4411 804 4482 quod
828 4409 973 4468 interdum
996 4411 1053 4468 iam
1078 4425 1123 4482 ap.
1148 4409 1314 4468 Ciceronem
1339 4405 1541 4482 invenituril:

392 4503 421 4560 ΙΙ
445 4503 486 4560 92
512 4497 618 4574 (sinusl
650 4531 681 4539 --
711 4516 766 4572 quo
791 4501 883 4572 magis
907 4506 1089 4572 penetratur,
1113 4500 1285 4570 angustior:
1310 4501 1372 4556 sim.
1398 4500 1443 4557 ΙΙΙ
1471 4500 1519 4559 tt.

404 4594 417 4648 Ι
445 4591 484 4649 72
510 4587 638 4663 (specus)
663 4619 707 4626 —
731 4595 869 4660 «quantum
894 4589 1066 4662 demittitur,
1092 4588 1216 4660 amplior
1239 4590 1325 4659 viret,
1355 4590 1403 4646 uni
1429 4595 1580 4662 exspectes
1595 4587 1724 4663 „tanto“.

497 4679 591 4737 Paulo
615 4685 711 4736 antem
735 4679 829 4748 magis
854 4678 1031 4750 offendimur,
1057 4678 1133 4749 quod
1157 4677 1333 4750 praecedens
1358 4676 1503 4750 ,‚quanto“
1528 4679 1661 4750 sequitur
1684 4677 1769 4752 „eo“:

405 4770 418 4826 Ι
443 4772 482 4827 95
510 4765 580 4840 (sol)
605 4797 647 4807 -
672 4773 779 4839 quanto
804 4767 955 4838 decrescit,
979 4785 1012 4824 eo
1037 4767 1144 4824 clarior
1167 4767 1251 4838 fugat
1277 4774 1400 4824 noctem.
1448 4767 1517 4840 (Sed
1532 4767 1575 4825 ΙΙΙ
1603 4768 1660 4824 tu:
1684 4775 1794 4840 quanto
1818 4801 1862 4808 —
1886 4770 1991 4845 tanto).

444 4859 575 4928 lienique
600 4872 822 4914 commemorare
847 4855 936 4913 liceat
960 4856 1045 4928 apud.
1070 4855 1107 4912 ll.
1133 4872 1288 4927 pronomen
1314 4851 1404 4927 „iste“
1430 4873 1549 4928 prorsus
1573 4857 1682 4914 deesse.

302 5029 322 5094 ¹)
342 5027 472 5098 Draegor.
491 5027 518 5080 h.
538 5027 563 5079 S.
584 5027 593 5078 l
615 5045 640 5094 p.
661 5029 713 5082 433
733 5043 772 5092 sq.
1210 5023 1230 5087 ⁴)
1249 5023 1375 5080 liundem
1394 5043 1471 5079 neum
1492 5025 1647 5080 observavit
1662 5043 1705 5096 ap.
1727 5030 1801 5082 i'urt.
1822 5027 1871 5082 Tb.
1893 5029 1991 5100 Vogel.

302 5097 446 5163 ἱ11111111
466 5114 576 5166 quoque
596 5097 706 5150 rabone
725 5113 788 5150 nsua
807 5099 851 5152 est
870 5095 1007 5158 Velleius,
1035 5097 1082 5150 cfr.
1137 5096 1155 5149 l.
1175 5095 1193 5149 l.
1213 5096 1300 5164 praei.
1319 5115 1345 5166 p.
1368 5101 1407 5152 15.

230 5171 347 5232 tritten,
368 5171 461 5240 Progr.
482 5167 624 5224 Amstadi.
646 5171 722 5228 tait,
744 5185 770 5236 p.
793 5171 833 5222 to.
1210 5167 1230 5228 ‘''l
1251 5167 1349 5236 Zumpt
1370 5168 1387 5220 l.
1407 5168 1424 5222 l.
1444 5169 1460 5234 ᾗ
1480 5169 1546 5232 tom
1575 5167 1704 5222 Kiihnast
1723 5168 1739 5224 l.
1760 5169 1778 5222 l.
1797 5188 1824 5239 p.
1847 5173 1910 5235 194;
1930 5169 1991 5228 279]

302 5243 321 5310 ³)
342 5241 471 5308 Draeger‚
491 5241 509 5296 l.
530 5240 546 5293 l.
566 5257 592 5310 p.
613 5243 673 5294 tot.
1209 5239 1229 5306 ⁰)
1249 5238 1299 5291 'lla
1320 5239 1417 5308 Vogel,
1437 5238 1454 5292 l.
1474 5239 1491 5292 l.
1511 5257 1537 5308 p.
1559 5243 1599 5294 15.
